
@book{enderton2001logic,
  title={A Mathematical Introduction to Logic},
  author={Enderton, H. B.},
  isbn={978-0-12238-452-3},
  year={2001},
  publisher={Harcourt/Academic Press}
}

@book{dechter2003constraints,
  title={Constraint Processing},
  author={Dechter, R.},
  isbn={978-1-55860-890-0},
  series={The Morgan Kaufmann Series in Artificial Intelligence Series},
  year={2003},
  publisher={Morgan Kaufmann Publishers}
}
